<record><leader>00000cas a22000007a 4500</leader><controlfield tag="001">12704667</controlfield><controlfield tag="008">851022d188118uutnuwr ne      0    0eng d</controlfield><datafield ind1=" " ind2=" " tag="010"><subfield code="a">sn 85038547 </subfield></datafield><datafield ind1=" " ind2=" " tag="040"><subfield code="a">NPY</subfield><subfield code="b">eng</subfield><subfield code="c">NPY</subfield><subfield code="d">TGN</subfield><subfield code="d">OCL</subfield><subfield code="d">OCLCQ</subfield><subfield code="d">OCLCF</subfield><subfield code="d">OCLCO</subfield></datafield><datafield ind1="1" ind2=" " tag="029"><subfield code="a">AU@</subfield><subfield code="b">000024693406</subfield></datafield><datafield ind1=" " ind2=" " tag="042"><subfield code="a">msc</subfield></datafield><datafield ind1=" " ind2=" " tag="043"><subfield code="a">n-us-tn</subfield></datafield><datafield ind1="0" ind2=" " tag="130"><subfield code="a">Solid South (Bartlett, Tenn.)</subfield></datafield><datafield ind1="1" ind2="4" tag="245"><subfield code="a">The solid South.</subfield></datafield><datafield ind1=" " ind2=" " tag="260"><subfield code="a">Bartlett, Tenn., C.S.A. :</subfield><subfield code="b">Will H. Kernan</subfield></datafield><datafield ind1=" " ind2=" " tag="300"><subfield code="a">v. ;</subfield><subfield code="c">56 cm.</subfield></datafield><datafield ind1=" " ind2=" " tag="310"><subfield code="a">Weekly?</subfield></datafield><datafield ind1="1" ind2=" " tag="362"><subfield code="a">Began in 1881.</subfield></datafield><datafield ind1=" " ind2=" " tag="500"><subfield code="a">"Represents the real and only sentiments of the Democratic Party ... and demands the repeal of the Revolutionary Amendments and champions the cause of state sovereignty (including secession as an incident)."</subfield></datafield><datafield ind1=" " ind2=" " tag="500"><subfield code="a">Editor: Will H. Kernan.</subfield></datafield><datafield ind1=" " ind2=" " tag="580"><subfield code="a">Continues: Okolona States from Okolona, Miss.</subfield></datafield><datafield ind1=" " ind2=" " tag="588"><subfield code="a">Description based on: Vol. 1, no. 8 (Feb. 17, 1881).</subfield></datafield><datafield ind1=" " ind2="0" tag="651"><subfield code="a">Bartlett (Tenn.)</subfield><subfield code="v">Newspapers.</subfield></datafield><datafield ind1=" " ind2="0" tag="651"><subfield code="a">Shelby County (Tenn.)</subfield><subfield code="v">Newspapers.</subfield></datafield><datafield ind1=" " ind2="7" tag="655"><subfield code="a">Newspapers.</subfield><subfield code="2">fast</subfield><subfield code="0">(OCoLC)fst01423814</subfield></datafield><datafield ind1=" " ind2="7" tag="651"><subfield code="a">Tennessee</subfield><subfield code="z">Bartlett.</subfield><subfield code="2">fast</subfield><subfield code="0">(OCoLC)fst01223686</subfield></datafield><datafield ind1=" " ind2="7" tag="651"><subfield code="a">Tennessee</subfield><subfield code="z">Shelby County.</subfield><subfield code="2">fast</subfield><subfield code="0">(OCoLC)fst01209894</subfield></datafield><datafield ind1=" " ind2=" " tag="752"><subfield code="a">United States</subfield><subfield code="b">Tennessee</subfield><subfield code="c">Shelby</subfield><subfield code="d">Bartlett.</subfield></datafield><datafield ind1="1" ind2="0" tag="780"><subfield code="t">Okolona States</subfield></datafield></record>